<record><leader>00000cas a22000007a 4500</leader><controlfield tag="001">33827534</controlfield><controlfield tag="008">951130d18921977meuwr ne      0    0eng d</controlfield><datafield ind1=" " ind2=" " tag="010"><subfield code="a">sn 95067994 </subfield></datafield><datafield ind1=" " ind2=" " tag="040"><subfield code="a">MBN</subfield><subfield code="b">eng</subfield><subfield code="c">MBN</subfield><subfield code="d">OCLCQ</subfield><subfield code="d">OCLCF</subfield><subfield code="d">OCLCO</subfield></datafield><datafield ind1=" " ind2=" " tag="042"><subfield code="a">msc</subfield></datafield><datafield ind1=" " ind2=" " tag="043"><subfield code="a">n-us-me</subfield></datafield><datafield ind1="0" ind2=" " tag="130"><subfield code="a">Eastern gazette (Dexter, Me. : 1892)</subfield></datafield><datafield ind1="1" ind2="4" tag="245"><subfield code="a">The eastern gazette.</subfield></datafield><datafield ind1=" " ind2=" " tag="260"><subfield code="a">Dexter, Me. :</subfield><subfield code="b">Day &amp; Bunker</subfield></datafield><datafield ind1=" " ind2=" " tag="300"><subfield code="a">v.</subfield></datafield><datafield ind1=" " ind2=" " tag="310"><subfield code="a">Weekly</subfield></datafield><datafield ind1="0" ind2=" " tag="362"><subfield code="a">Vol. 1, no. 1 (Mar. 10, 1892)-v. 123, no. 47 (Nov. 24, 1977).</subfield></datafield><datafield ind1=" " ind2=" " tag="580"><subfield code="a">Formed by the union of: Dexter gazette, and: Eastern state.</subfield></datafield><datafield ind1=" " ind2=" " tag="580"><subfield code="a">Merged with: Moosehead gazette, to form: Gazette (Dexter, Me.).</subfield></datafield><datafield ind1=" " ind2="0" tag="651"><subfield code="a">Dexter (Me.)</subfield><subfield code="v">Newspapers.</subfield></datafield><datafield ind1=" " ind2="7" tag="655"><subfield code="a">Newspapers.</subfield><subfield code="2">fast</subfield><subfield code="0">(OCoLC)fst01423814</subfield></datafield><datafield ind1=" " ind2="7" tag="651"><subfield code="a">Maine</subfield><subfield code="z">Dexter.</subfield><subfield code="2">fast</subfield><subfield code="0">(OCoLC)fst01227913</subfield></datafield><datafield ind1=" " ind2=" " tag="752"><subfield code="a">United States</subfield><subfield code="b">Maine</subfield><subfield code="c">Penobscot</subfield><subfield code="d">Dexter.</subfield></datafield><datafield ind1="1" ind2="4" tag="780"><subfield code="t">Dexter gazette</subfield><subfield code="w">(DLC)sn 84022372</subfield></datafield><datafield ind1="1" ind2="4" tag="780"><subfield code="t">Eastern state</subfield><subfield code="w">(DLC)sn 93058837</subfield></datafield><datafield ind1="1" ind2="7" tag="785"><subfield code="t">Moosehead gazette</subfield><subfield code="w">(DLC)sn 97070808</subfield></datafield><datafield ind1="1" ind2="7" tag="785"><subfield code="t">Gazette (Dexter, Me.)</subfield><subfield code="w">(DLC)sn 97070807</subfield></datafield></record>